<?xml version = "1.0" encoding = "UTF-8"?><OAI-PMH xmlns="http://www.openarchives.org/OAI/2.0/" xmlns:xsi="http://www.w3.org/2001/XMLSchema-instance" xsi:schemaLocation="http://www.openarchives.org/OAI/2.0/ http://www.openarchives.org/OAI/2.0/OAI-PMH.xsd"><ListRecords><record><header><identifier>aleph-publish:003850029</identifier></header><metadata><record xmlns="http://www.ddb.de/professionell/mabxml/mabxml-1.xsd"><leader>00621vM2.01200024------h</leader><controlfield tag="LDR">00621vM2.01200024------h</controlfield><controlfield tag="FMT">MH</controlfield><datafield tag="001" ind1="-" ind2="1"><subfield code="a">HT009412692</subfield></datafield><datafield tag="002" ind1="a" ind2="1"><subfield code="a">19981204</subfield></datafield><datafield tag="021" ind1="b" ind2="1"><subfield code="a">HT006432414</subfield></datafield><controlfield tag="030">a|1uc||||||17</controlfield><datafield tag="036" ind1="a" ind2="1"><subfield code="a">PL</subfield></datafield><datafield tag="037" ind1="b" ind2="1"><subfield code="a">yid</subfield></datafield><controlfield tag="050">|||c||||||||||</controlfield><controlfield tag="051">m|||||||</controlfield><datafield tag="070" ind1="-" ind2="1"><subfield code="a">61</subfield></datafield><datafield tag="080" ind1="-" ind2="1"><subfield code="a">60</subfield></datafield><datafield tag="100" ind1="-" ind2="1"><subfield code="p">Halpern, Moshe Leib</subfield><subfield code="d">1886-1932</subfield><subfield code="9">(DE-588)118863436</subfield></datafield><datafield tag="101" ind1="-" ind2="1"><subfield code="p">Halpern, Moiše Leib</subfield><subfield code="d">1886-1932</subfield></datafield><datafield tag="101" ind1="-" ind2="1"><subfield code="p">Halpern, Moiše L.</subfield><subfield code="d">1886-1932</subfield></datafield><datafield tag="101" ind1="-" ind2="1"><subfield code="p">Halpern, Moyshe-Leyb</subfield><subfield code="d">1886-1932</subfield></datafield><datafield tag="101" ind1="-" ind2="1"><subfield code="p">Halpern, Moses Leib</subfield><subfield code="d">1886-1932</subfield></datafield><datafield tag="101" ind1="-" ind2="1"><subfield code="p">Halpern, Moses Loeb</subfield><subfield code="d">1886-1932</subfield></datafield><datafield tag="101" ind1="-" ind2="1"><subfield code="p">Halpern, M. L.</subfield><subfield code="d">1886-1932</subfield></datafield><datafield tag="101" ind1="-" ind2="1"><subfield code="p">Halpern, Moše L.</subfield><subfield code="d">1886-1932</subfield></datafield><datafield tag="101" ind1="-" ind2="1"><subfield code="p">Halpern, Moyshe Leyb</subfield><subfield code="d">1886-1932</subfield></datafield><datafield tag="101" ind1="-" ind2="1"><subfield code="p">Halpern, Moyshe-Layb</subfield><subfield code="d">1886-1932</subfield></datafield><datafield tag="101" ind1="-" ind2="1"><subfield code="p">Halpern, Moshe L.</subfield><subfield code="d">1886-1932</subfield></datafield><datafield tag="101" ind1="-" ind2="1"><subfield code="p">Halpern, Moishe Leib</subfield><subfield code="d">1886-1932</subfield></datafield><datafield tag="101" ind1="-" ind2="1"><subfield code="p">Halpern, Moshe-Leybe</subfield><subfield code="d">1886-1932</subfield></datafield><datafield tag="101" ind1="-" ind2="1"><subfield code="p">Galʹpern, M.-L.</subfield><subfield code="d">1886-1932</subfield></datafield><datafield tag="101" ind1="-" ind2="1"><subfield code="p">Galʹperin, Moĭshe-Leĭb</subfield><subfield code="d">1886-1932</subfield></datafield><datafield tag="101" ind1="-" ind2="1"><subfield code="p">Halpern, Mosheh-Leyb</subfield><subfield code="d">1886-1932</subfield></datafield><datafield tag="101" ind1="-" ind2="1"><subfield code="p">Galpern, Mŏishe-Lĕib</subfield><subfield code="d">1886-1932</subfield></datafield><datafield tag="331" ind1="-" ind2="1"><subfield code="a">In Nju-Jork</subfield></datafield><datafield tag="359" ind1="-" ind2="1"><subfield code="a">M. L. Halpern</subfield></datafield><datafield tag="370" ind1="b" ind2="1"><subfield code="a">In Nyu-York</subfield></datafield><datafield tag="403" ind1="-" ind2="1"><subfield code="a">[Mikrofilm-Ausg.]</subfield></datafield><datafield tag="410" ind1="-" ind2="1"><subfield code="a">Warše</subfield></datafield><datafield tag="412" ind1="-" ind2="1"><subfield code="a">Farl. Kultur-Lige</subfield></datafield><datafield tag="425" ind1="a" ind2="1"><subfield code="a">1927</subfield></datafield><datafield tag="433" ind1="-" ind2="1"><subfield code="a">302 S.</subfield></datafield><datafield tag="505" ind1="-" ind2="1"><subfield code="p">Abweichende Umschr. d. Hauptsacht.</subfield><subfield code="a">In Nyu-York</subfield></datafield><datafield tag="516" ind1="-" ind2="1"><subfield code="a">In hebr. Schr., jidd.</subfield></datafield><datafield tag="610" ind1="-" ind2="1"><subfield code="a">Mikrofilm-Ausg.:</subfield></datafield><datafield tag="611" ind1="a" ind2="1"><subfield code="a">Düsseldorf</subfield></datafield><datafield tag="613" ind1="a" ind2="1"><subfield code="a">Universitäts- und Landesbibliothek</subfield></datafield><datafield tag="619" ind1="a" ind2="1"><subfield code="a">1998</subfield></datafield><datafield tag="637" ind1="-" ind2="1"><subfield code="a">1 Mikrofilm: 9 x</subfield></datafield><datafield tag="902" ind1="-" ind2="1"><subfield code="g">New York, NY</subfield><subfield code="9">(DE-588)4042011-5</subfield></datafield><datafield tag="902" ind1="-" ind2="1"><subfield code="f">Belletristische Darstellung</subfield></datafield><controlfield tag="SYS">003850029</controlfield><datafield tag="952" ind1="-" ind2="1"><subfield code="k">New York, NY</subfield><subfield code="b">City Inspector</subfield></datafield><datafield tag="952" ind1="-" ind2="1"><subfield code="k">City Inspector</subfield><subfield code="h">New York, NY</subfield></datafield><datafield tag="952" ind1="-" ind2="1"><subfield code="k">New York, NY</subfield><subfield code="b">Mayor</subfield></datafield><datafield tag="952" ind1="-" ind2="1"><subfield code="k">Mayor</subfield><subfield code="h">New York, NY</subfield></datafield><datafield tag="952" ind1="-" ind2="1"><subfield code="g">New York City</subfield></datafield><datafield tag="952" ind1="-" ind2="1"><subfield code="g">New York City, NY</subfield></datafield><datafield tag="952" ind1="-" ind2="1"><subfield code="g">Neu-Amsterdam, NY</subfield></datafield><datafield tag="952" ind1="-" ind2="1"><subfield code="g">Neuyork, NY</subfield></datafield><datafield tag="952" ind1="-" ind2="1"><subfield code="g">Neuamsterdam, NY</subfield></datafield><datafield tag="952" ind1="-" ind2="1"><subfield code="g">Nieuw Amsterdam, NY</subfield></datafield><datafield tag="952" ind1="-" ind2="1"><subfield code="g">New Amsterdam, NY</subfield></datafield><datafield tag="952" ind1="-" ind2="1"><subfield code="g">Big Apple, NY</subfield></datafield><datafield tag="952" ind1="-" ind2="1"><subfield code="g">Niyū Yūrk</subfield></datafield><datafield tag="952" ind1="-" ind2="1"><subfield code="g">Nīw-Jūrq</subfield></datafield><datafield tag="952" ind1="-" ind2="1"><subfield code="g">Njujorq</subfield></datafield><datafield tag="952" ind1="-" ind2="1"><subfield code="g">Nujorq</subfield></datafield><datafield tag="952" ind1="-" ind2="1"><subfield code="g">Nueva York</subfield></datafield><datafield tag="952" ind1="-" ind2="1"><subfield code="g">N&apos;ju Jork</subfield></datafield><datafield tag="952" ind1="-" ind2="1"><subfield code="g">Niw Eork&apos;</subfield></datafield><datafield tag="952" ind1="-" ind2="1"><subfield code="g">Neuyork</subfield></datafield><datafield tag="952" ind1="-" ind2="1"><subfield code="g">Novum Eboracum</subfield></datafield><datafield tag="952" ind1="-" ind2="1"><subfield code="g">Neo Eboraci</subfield></datafield><datafield tag="952" ind1="-" ind2="1"><subfield code="g">Neu York</subfield></datafield><datafield tag="952" ind1="-" ind2="1"><subfield code="g">Nju-Jork</subfield></datafield><datafield tag="952" ind1="-" ind2="1"><subfield code="g">City of New York</subfield></datafield><datafield tag="952" ind1="-" ind2="1"><subfield code="g">Greater City of New York, NY</subfield></datafield><datafield tag="952" ind1="-" ind2="1"><subfield code="g">Greater New York, NY</subfield></datafield><datafield tag="952" ind1="-" ind2="1"><subfield code="g">Niyūyurk</subfield></datafield><datafield tag="952" ind1="-" ind2="1"><subfield code="g">Nyū-Yoku</subfield></datafield><datafield tag="952" ind1="-" ind2="1"><subfield code="g">NYC</subfield></datafield><datafield tag="088" ind1=" " ind2=" "><subfield code="a">61</subfield><subfield code="b">00</subfield><subfield code="c">f/0364</subfield><subfield code="e">Nicht ausleihb./FL</subfield></datafield><datafield tag="088" ind1=" " ind2=" "><subfield code="a">61</subfield><subfield code="b">00</subfield><subfield code="c">f/0364</subfield><subfield code="e">Nicht benutzbar</subfield></datafield></record></metadata></record></ListRecords></OAI-PMH>